


@article{algo,
	author =       "D.Liu, S.Trajanowvski, P.Van Mieghem ",
	title =        "{ILIGRA: An Efficient Inverse Line Graph Algorithm}",
	year =         "2015",
	DOI =          "{10.1007/s10852-014-9251-2}"
}

@book{force,
	author =       "Stephen G. Kobourov",
	title =        "{Force-Directed Drawing Algorithms}",
	year =         "2013",
	DOI =          "{10.1201/b15385}"
}