


@article{algo,
	author =       "D.Liu, S.Trajanowvski, P.Van Mieghem ",
	title =        "{ILIGRA: An Efficient Inverse Line Graph Algorithm}",
	year =         "2015",
	DOI =          "{10.1007/s10852-014-9251-2}"
}

